
The SmartKom Architecture: A Framework for
Multimodal Dialogue Systems
Gerd Herzog and Norbert Reithinger
DFKI GmbH, Stuhlsatzenhausweg 3, D-66123 Saarbrucken
http://www.dfki.de/~flint/papers/SKarchitecture04.pdf


